LDR  01915nam  22004939  45  
001  car43006504
005  19930910015000.0
008  801203m19421961enk           00000 eng  
010       $a 43006504
040       $a DLC $c CarP
043       $a e-uk-st
090  2    $a DA890.A2 $b A1
099   9   $a Y 1.1/7:101-188 (099$A-FIRST) $a 099$A-SECOND $b 099$B
110  10   $a Aberdeen (Scotland). $b Town Council.
245  00   $a Aberdeen Council letters, $c transcribed and edited for the Town council of Aberdeen by Louise B. Taylor.
260  0    $a London, $a New York, $b Oxford University Press, $c 1942-61.
300       $a 5 v., $b front., pl. $c 23 cm.
500       $a UCR MONO: REC HAS 5 920S: 2 UNIQUE LOC CODES IN $L'S, 2 DUPLICATES, 1 LOC CODE BEGINNING "rd" - DROP THE "rd" LOC, OUTPUT 2 UNIQUE 852'S (02/02).
500       $a REC HAS SUMMARY HOLDINGS IN 3 599 FIELDS.
500       $a 1ST 920 HAS CALL NUM IN $A, OUTPUT AS 852 $J. CONCATENATE 599'S, SEPARATED BY "; " AND OUTPUT IN 852 $3.
500       $a 2ND 920 HAS NO $A; RECORD HAS 099, 090, 050 - OUTPUT MULTIPLE 099$A'S TO SINGLE 852 $J. OUTPUT DEFAULT SUMMARY HOLDINGS MSG IN 852 $3.
500       $a 3RD AND 5TH LOCS ARE DUPLICATES, DO NOT OUTPUT.
500       $a 4TH LOC BEGINS "rd", DO NOT OUTPUT.
599       $a FIRST 599.
599       $a 2ND 599.
599       $a 3RD 599.
651   0   $a Aberdeen (Scotland) $x Politics and government.
651   0   $a Aberdeen (Scotland) $x History $x Sources.
700  10   $a Taylor, Louise Barbara, $e ed.
901       $a UCRb10022417 $b zsrlf $c -
902       $a 06-27-97
907       $a .b10022417
920       $l zsrlf $a 920$A (LOC 1) $u v.1
920       $l ed    $u v.2
920       $l zsrlf $a DUPLICATE LOC $u v.3
920       $l rdap   $u v.4
920       $l ed    $a DUPLICATE LOC $u v.5
963       $a A 0006319073
963       $a A 0006319065
963       $a A 0006319057
963       $a A 0006319578
963       $a A 0006319560
998       $a zsrlf
999       $b 1 $c 06-08-97 $d - $e a $f - $g 0

Record 4
