LDR  01154cam  2200361   45  
001  car72185487 
005  19940330013329.0
008  720810s1972    enk      b    00000 eng  
010       $a 72185487
015       $a B***
040       $a DLC $c DLC
041  1    $a engger
043       $a e------
090  1    $a HD8376 $b .A213
100  10   $a Abendroth, Wolfgang.
240  00   $a Sozialgeschichte der europèaischen Arbeiterwegung. $l English.
245  12   $a A short history of the European working class. $c [Translated from the German by Nicholas Jacobs and Brian Trench.
260  0    $a London] $b NLB $c [1972]
300       $a 204 p. $c 22 cm.
350       $a ¹2.50.
500       $a UCR MONO: 920 LACKS $L (NO LOCATION); DON'T CREATE 852; REJECT (03/06).
504       $a Bibliography: p. [198]-204.
650   0   $a Trade-unions $z Europe $x History.
650   0   $a Working class $z Europe $x History.
650   0   $a Labor movement $z Europe $x History.
650   0   $a Labor $z Europe $x History.
901       $a UCRb10021541 $b multi $c -
902       $a 07-09-97
907       $a .b10021541
920       $b 3 1210 00844 0883
963       $a AA0000279711
998       $a rstk  $a zsrlf
999       $b 2 $c 06-08-97 $d - $e a $f - $g 2

Record 5
