LDR  00827nam  2200253I  45  
001  616686
005  19930910014911.0
008  730507 1966                        ger u
010       $a 67107293
040       $c CIN $d CU-Riv
090  1    $a AC30 $b .N84
245  00   $a 0+20 [i.e. Null plus zwanzig] $b Almanach der Nymphenburger Verlagshandlung 1946-1966.
260  0    $a Mèunchen $b [Nymphenburger Verlagshandlung] $c 1966.
300       $a 429 p. $c 20 cm.
500       $a UCR MONO: REC HAS NO 920 & NO 901 $b; DON'T CREATE 852; REJECT (03/06).
504       $a Bibliographical footnotes.
710  20   $a Nymphenburger Verlagshandlung.
740  01   $a Almanach der Nymphenburger Verlagshandlung 1946-1966.
901       $a UCRb10000021 $c -
902       $a 06-27-97
907       $a .b10000021
963       $a A 0007358971
998       $a zsrlf
999       $b 1 $c 06-08-97 $d - $e a $f - $g 0

Record 7
