LDR  01248cam  2200337   45  
001  63795
005  19801215000000.0
008  700401s1970    enk      d    00010 eng  
010       $a 73088348 //r71
020       $a 0080122272
040       $a DLC $c DLC $d GXM $d IAV $d CU-Riv
041  0    $a engrus
049       $a [Bio-Ag Ref]CRUG,CRUQ
050       $a Q123 (050 $A) $b .A4 1970 (050 $B)
100  10   $a Alford, M. H. T.
245  10   $a Russian-English scientific and technical dictionary $c [by] M. H. T. and V. L. Alford.
250       $a [1st ed.]
260  0    $a Oxford, $a New York, $b Pergamon Press $c [1970]
300       $a 2 v. (1423 p.) $c 21 cm.
500       $a UCR MONO: RECORD LACKS 920, 901 $B = MULTI; 998 HAS MULTIPLE $A'S - OUTPUT THE 4 UNIQUE LOC CODES (02/02).
500       $a REC HAS NO 099, NO 090, HAS 050 $A $B - OUTPUT 050 $A $B IN 852 $H $I FOR ALL UNIQUE LOCS.
650   0   $a Science $x Dictionaries $x Russian.
650   0   $a Russian language $x Dictionaries $x English.
650   0   $a Technology $x Dictionaries $x Russian.
650   0   $a Encyclopedias and dictionaries, Russian.
700  10   $a Alford, V. L.
901       $a UCRb10164303 $b multi $c -
902       $a 08-05-96
907       $a .b10164303
998       $a r  $a r7cp  $a r  $a rca7  $a r7cp  $a rcaci 
999       $b 2 $c 05-20-96 $e a $f - $g 0

Record 8
