LDR  00923cam  2200241   45  
001  car47006281 
005  19600000000000.0
008  710222s1947    iluabc   bey  00100deng  
010       $a 47006281
040       $a DLC $c DLC $d CU-Riv
049       $a CRUG
090       $a AG5 $b .T45
245  00   $a 10 eventful years; $b a record of events of the years preceding, including and following World War II, 1937 through 1946; $c prepared under the editorial direction of Walter Yust, editor of Encyclopµdia Britannica.
260  0    $a Chicago, $b Encyclopµdia Britannica $c [1947]
300       $a 4 v. $b illus., ports., maps. $c 29 cm.
500       $a UCR MONO: NO 920, NO 998, 901 $b ='MULTI'; DON'T CREATE 852; REJECT (03/06).
650   0   $a Encyclopedias and dictionaries.
650   0   $a Twentieth century.
700  10   $a Yust, Walter, $d b. 1894.
730  01   $a Encyclopµdia Britannica.
901       $a UCRb10001359 $b multi $c -
902       $a 07-24-97
907       $a .b10001359

Record 10
