LDR  01033nam  2200289I  45  
001  2310687
005  19930910015050.0
008  760714s1966    fr            00000 fre  
010       $a 67083661
040       $a DLC $c na $d CU-Riv
050  2    $a QC185 (050 $A) $b .A28 1966 (050 $B)
100  10   $a Adda, Y. $q (Yves)
245  13   $a La Diffusion dans les solides, $c par Y. Adda et J. Philibert ...
260  0    $a Saclay, $b Institut national des sciences et techniques nuclâeaires; $a Paris, $b Presses universitaires de France, $c 1966.
300       $a 2 v. (iv, 1268, xvii p.) $b illus. $c 25 cm.
490  0    $a Bibliotháeque des sciences et techniques nuclâeaires.
500       $a UCR MONO: REC HAS NO 920, BUT HAS 901 $B LOC, HAS 050; MOVE 050 $A $B TO 852 $H $I (02/02).
650   0   $a Diffusion.
650   0   $a Solids.
700  10   $a Philibert, J. $q (Jean), $e joint author.
901       $a UCRb10063651 $b zsrlf $c -
902       $a 06-27-97
907       $a .b10063651
963       $a A 0007373863
963       $a A 0007373855
998       $a zsrlf
999       $b 1 $c 06-08-97 $d - $e a $f - $g 3

Record 11
