LDR  01233cam  22003619  45  
001  car70001390 
005  19930910014953.0
008  700302s1965    enk      b    00010 arax 
010       $a 70001390 //r83
040       $a DLC $c DLC
041  1    $a araeng
090  1    $a PJ7741.A23 $b E38
100  00   $a °Abd al-Latåif, $d 1160?-1231.
240  10   $a Ifåadah wa-al-i°tibåar. $l English and Arabic.
245  14   $a The Eastern key: $b Kitåab al-ifåadah wa°l-i°tibåar $c of °Abd al-Latåif al-Baghdåadi. Translated in English by Kamal Hafuth Zand, and John A. and Ivy E. Videan.
260  0    $a London, $b Allen and Unwin $c [1965]
300       $a 293 p. $c 26 cm.
500       $a UCR: MOVE ALL 590'S TO MULTIPLE 852 $Z'S FOR ALL OUTPUT LOCS (02/02).
590       $a FIRST 590.
590       $a SHARED PURCHASE WITH UCSB EAST ASIAN LIBRARY
590       $a 3RD 590.
590       $a 4TH 590
651   0   $a Egypt $x Description and travel.
700  11   $a Zand, Kamal Hafuth, $e tr.
700  11   $a Videan, John A. $e tr.
700  11   $a Videan, Ivy E. $e tr.
740   1   $a Kitåab al-ifåadah wa°l-i°tibåar.
901       $a UCRb10017343 $b multi $c -
902       $a 06-27-97
907       $a .b10017343
963       $a A 0006606149
998       $a zsrlf $a edr   $a edv  
999       $b 1 $c 06-08-97 $d - $e a $f - $g 4

Record 12
