LDR  00900nam  22002899  45  
001  car67014742 
005  19930910014954.0
008  821223s1967    miu           00000 eng  
010       $a 67014742
040       $a DLC $c CarP
090  2    $a PK6905 $b .A2
100  10   $a Abdulla, Jamal Jalal.
245  10   $a Kurdish readers,
260  0    $a Ann Arbor, $b University of Michigan Press $c [1967]
300       $a 3 v. $c 28 cm.
500       $a UCR MONO: REC HAS 2 LOCS IN 998 $A'S AND 4 963'S; OUTPUT 1ST 963 IN $P OF 1ST 852 ONLY (02/02).
650   0   $a Kurdish language $x Readers.
700  10   $a McCarus, Ernest N. $q (Ernest Nasseph), $d 1922- $e joint author.
901       $a UCRb10018177 $b multi $c -
902       $a 07-02-97
907       $a .b10018177
963       $a D 0003097599 (1)
963       $a D 0003097581 (2)
963       $a D 0003097573 (3)
963       $a D 0003097979 (4)
998       $a zsrlf $a rref 
999       $b 1 $c 06-08-97 $d - $e a $f - $g 0

Record 13
