LDR  01739cas  2200457 a 45  
001  5532957
003  OCoLC
005  19960213134418.0
008  791017d19171956ilusn p  b    0   a0eng d
010       $a sn 86025046
019       $a 7517168
040       $a IPL $c IPL $d NSD $d OCL $d NYS $d OCL $d IUL $d NST $d CRU
042       $a lcd
090       $a Z1035 $b .B58
098       $n ov=.b625916
130  0    $a Booklist (Chicago, Ill. : 1917)
245  04   $a The booklist.
260       $a Chicago : $b American Library Association Publishing Board, $c 1917-1956.
300       $a 40 v. ; $c 20-25 cm.
310       $a Semimonthly (except for one or more summer months), $b Sept. 1947-Aug. 1956.
321       $a Monthly (except Aug.-Sept.), $b Oct. 1917-July 1930.
321       $a Monthly, $b Aug. 1930-Aug. 1937.
362  0    $a Vol. 14, no. 1 (Oct. 1917)-v. 52, no. 23 (Aug. 1956).
500       $a UCR PE: ALL LOCS BEGIN WITH "rd" ; CREATE NO 852; REJECT (03/06).
515       $a Final issue of each vol. is the vol. index, Aug. 1949-Aug. 1956.
580       $a Merged with: Subscription books bulletin, to form: Booklist and subscription books bulletin.
650   0   $a Books $x Prices $x Periodicals.
650   0   $a Books $x Reviews $x Periodicals.
710  2    $a American Library Association.
710  2    $a American Library Association. $b Publishing Board.
780  00   $t A.L.A. booklist $w (OCoLC)4814149.
785  17   $t Subscription books bulletin $w (OCoLC)1606336.
785  17   $t Booklist and subscription books bulletin $x 0730-8957 $w (OCoLC)1780726.
850       $b rdacq $d - $f - $h 1(AAAA)
850       $b rdadm $d - $f - $h 2(BBBB)
850       $b rdcat $d - $f - $h 3(CCCC)
901       $a UCRb11046569 $b r     $c -
902       $a 08-25-97
907       $a .b11046569
998       $a r    
999       $b 2 $c 05-04-97 $d q $e s $f - $g 4

Record 16
