LDR  00942cas  2200277I  45  
001  4784561
003  OCoLC
005  19960905185742.0
008  790326c19539999ru ur p       0    0rus  
010       $a 54028333 /L
040       $a DLC $c LUU $d OCL $d CRU
049       $a CRUG
050       $a PG3101 $b .A44
110  2    $a Institut russkoæi literatury (Pushkinskiæi dom)
245  10   $a Russkoe narodnoe poçeticheskoe tvorchestvo. $c [Otvetstvennyi redaktor V. P. Adrianova-Peretëtìs]
260       $a Moskva, Izd-vo Akademii nauk SSSR, $c 1953-
300       $a v. $b illus. $c 23 cm.
500       $a UCR PE: REC HAS 850, BUT NO 850 $b; CREATE NO 852; REJECT (03/06).
650   0   $a Folk literature, Russian $x History and criticism.
700  2    $a Adrianova-Peretëtìs, V. P. $q (Varvara Pavlovna), $d 1888-1972, $e ed.
850       $d - $f - $h v.2 pt.2.
901       $a UCRb18306536 $b zsrlf $c -
902       $a 08-25-97
907       $a .b18306536
998       $a zsrlf
999       $b 2 $c 11-01-96 $d l $e s $f - $g 0

Record 17
