LDR  01062nms  2200301Ia 45  
001  24602853
005  19920615194153.0
008  911022c19919999vauuu      u f      eng d
040       $a GIS $c GIS $d CU-Riv
043       $a n-us---
050       $a QE75 (050 $A) $b .U554 (050 $B)
098       $n ov=.b512828
245  00   $a U.S. Geological Survey digital data series $h [computer file].
246  10   $a Digital data series.
246  10   $a USGS DDS.
260       $a Reston, Va. : $b The Survey, $c 1991-
300       $a computer laser optical disks ; $c 4 3/4 in.
362  0    $a DDS-1-
500       $a UCR PE: RECORD HAS NO 850, 901 $B IS NOT 'MULTI'; USE 901 $B AS LOC CODE (02/02).
500       $a REC HAS NO 099, NO 090, HAS 050 $A $B - OUTPUT TO 852 $H $I.
538       $a System requirements: IBM or compatible PC with DOS; CD-ROM driver software; CD-ROM reader.
650   0   $a Earth sciences $z United States $x CD-ROM.
710  20   $a Geological Survey (U.S.)
901       $a UCRb20516034 $b rref  $c -
902       $a 08-25-97
907       $a .b20516034
998       $a p    
999       $b 1 $c 05-04-97 $d 1 $e m $f - $g 0

Record 18
