LDR  00786nas  2200241   45  
001  aut10064152
008  950418 1934    nyu      b    00110 eng  
010       $a 34-21616
049       $a CRUG
090       $a NA9010 $b .P32
098       $n ov=.b280488
111  2    $a Pacific Northwest regional planning conference.
245  10   $a Proceedings of the ... $c Pacific Northwest regional planning conference ...
260       $a Portland, Or. : $b Pacific Northwest regional planning commission, $c [1934-
300       $a v. : $b diagr. ; $c 23 cm.
362  0    $a [1934-
500       $a UCR PE: HAS NO 850, 901 LACKS $b; CREATE NO 852; REJECT (03/06).
650   0   $a Regional planning $x Congresses.
901       $a UCRb21492190 $c -
902       $a 08-25-97
907       $a .b21492190
998       $a r    
999       $b 1 $c 05-20-96 $d i $e s $f - $g 0

Record 19
