LDR  01322cas  22003497a 45  
001  autsn 85017787
005  19910227000000.0
008  950428d18961917nyuuu m r     0uuua0eng  
010       $a sn85-017787
035       $a (OCoLC)5356331
040       $a DLC $c InU $d m.c. $d N $d m/c $d NST
042       $a msc
049       $a CRUG
050       $a E185.5 (050 $A) $b .A882 (050 $B)
090       $a E185.5 (090 $A) $b .A882 (090 $B)
245  00   $a Atlanta University publications.
246  00   $a Publications.
260       $a New York : $b Octagon Books, $c 1968-
300       $a v. ; $c 24 cm.
362  0    $a No. 1 (1896)-1917.
500       $a UCR PE: REC HAS NO 850, 901 $B IS MULTI; 998 HAS 5 $A'S, 3 UNIQUE. OUTPUT 3 852'S, USING THE UNIQUE LOC CODES (02/02).
500       $a REC HAS NO 099, HAS 090 $A $B, HAS 050 $A $B - OUTPUT 090 $A $B IN 852 $H $I FOR ALL LOCS.
580       $a Reprinted from the original: Atlanta University publications published in Atlanta by Atlanta University Press.
650   0   $a Afro-Americans $x Periodicals.
700  11   $a Du Bois, W. E. B. $q (William Edward Burghardt), $d 1868-1963.
710  20   $a Atlanta University.
775  1    $t Atlanta University publications.
901       $a UCRb21529620 $b multi $c -
902       $a 08-25-97
907       $a .b21529620
998       $a rstk $a edr   $a rstk  $a ed7   $a edr  
999       $b 1 $c 05-20-96 $d q $e s $f - $g 0

Record 20
