LDR  01245nas  2200373 a 45  
001  aut   89643728
005  19910227000000.0
008  950510d19621976gw  x p       0uuua0ger d
010       $a 89-643728
022       $a 0036-5726
035       $a (OCoLC)4753806
040       $a InU $c InU $d DLC
042       $a lc
043       $a e-ge---
049       $a CRUG
090       $a NA6840.G5 $b S3
098       $n ov=.b2822568
245  00   $a Scena. $b [no.] 1-34.
260       $a [Berlin : $b Institut fèur Technologie Kultureller Einrichtungen, $c 1962-1977?
300       $a 34 v. : $b ill. ; $c 29 cm.
310       $a Irregular.
362  1    $a Began with 1 in 1962; ceased with 34 in 1976.
500       $a UCR PE: HAS NO 850, 901 $b = 'MULTI', 998 HAS NO $a'S; CREATE NO 852; REJECT (03/06).
650   0   $a Theater $z Germany  (East) $x Construction $x Periodicals.
650   0   $a Theater $z Germany (East) $x Periodicals.
710  20   $a Institut fèur Technologie Kultureller Einrichtungen (Berlin, Germany)
730  0    $a Scena (Berlin, Germany)
730  00   $a Theater der Zeit.
772  0    $t Theater der Zeit $x 0040-5418 $w (DLC)   52018288 $w (OCoLC)1713663.
901       $a UCRb21585416 $b multi $c -
902       $a 07-24-97
907       $a .b21585416
998       $b rstk 
999       $b 1 $c 05-20-96 $d q $e s $f - $g 0

Record 21
