LDR  01668cas  22004931  45  
001  812268
005  19850327171959.0
008  740222d19691984enkmr1p       0uu1a0eng  
010       $a 78008081
019       $a 1716757
022  0    $a 0030-4921
030       $a ORMRBD
032       $a 055890 $b USPS
040       $a DLC $c OUN $d OCL $d COO $d DLC $d OCL $d NSD $d SER $d AIP $d OCL $d CRU
041  0    $a engfreger
042       $a lc $a nsdp
050  0    $a QD476 $b .O2
098       $n ov=.b256935
210  0    $a Org magn. reson.
222  00   $a Organic magnetic resonance.
245  00   $a OMR. Organic magnetic resonance.
246  10   $a Organic magnetic resonance.
260  00   $a London, $b Heyden.
265       $a Heyden & Son Ltd., Spectrum House, Hillview Gardens, London NW4 2JQ UK.
300       $a 22 v. $b illus. $c 26 cm.
310       $a Monthly.
350       $a $647.00.
362  0    $a v. 1-22, no. 12; Feb. 1969-Dec. 1984.
500  2    $a UCR PE: NO 850, 901 $b='MULTI', NO 998; CREATE NO 852; REJECT (03/06).
510  2    $a Abstract bulletin of the Institute of Paper Chemistry $x 0020-3033.
510  2    $a Chemical abstracts $x 0009-2258.
525       $a Each issue accompanied by a Spectral supplement.
546       $a English, French or German.
555       $a Vols. 1-2, 1969-70.  1 v.
650   0   $a Carbon compounds $x Spectra $x Periodicals.
650   0   $a Magnetic resonance $x Periodicals.
690   0   $a Nuclear magnetic resonance $x Periodicals.
690   0   $a Spectrum analysis $x Periodicals.
690   0   $a Chemistry, Organic $x Periodicals.
785  00   $t Magnetic resonance in chemistry.
901       $a UCRb21607096 $b multi $c -
902       $a 07-24-97
907       $a .b21607096
999       $b 1 $c 05-04-97 $d q $e s $f - $g 0

Record 22
