LDR  01706cas  22004331  45  
001  812841
005  19871019162809.0
008  740225c19499999vauqr p       0  ua0eng  
010       $a 55042047 //r81
019       $a 1460802
022       $a 0001-074X
040       $a DLC $c OUN $d SUL $d COO $d YUS $d NYG $d MUL $d m.c. $d PIT $d DLC $d NST $d AIP $d NSD $d AIP $d OCL $d AIP $d NYG $d CRU
042       $a lc
050       $a 050 $A $b $B
090       $a 090 $A $b $B
098       $n ov=.b250411
210  0    $a ACLS newsl.
212  0    $a American Council of Learned Societies newsletter.
222  04   $a The ACLS newsletter.
245  04   $a The ACLS newsletter.
260  00   $a [Richmond, etc., $b American Council of Learned Societies]
310       $a Quarterly, $b 1952-
321       $a Irregular, $b 1949-51.
362  0    $a v. 1-37 May 1949-Winter/Spring 1987; 2nd ser. v. 1, no. 1-   Summer 1987-
500       $a UCR PE: REC HAS 2 850S,  NEITHER HAS $C; REC HAS 090, 050; MOVE 090 $A $B TO 852 $H $I FOR BOTH LOCATIONS (02/02).
510  2    $a Annual bibliography of English language and literature $x 0066-3786.
510  2    $a Public Affairs Information Service bulletin $x 0033-3409.
530       $a Available on microfilm.
650   0   $a Learned institutions and societies $z United States $x Periodicals.
650   0   $a Learned institutions and societies $x Periodicals.
710  20   $a American Council of Learned Societies.
710  21   $a American Council of Learned Societies. $t Newsletter.
850       $b rcp   $d - $f - $g Unbd: Cur Per. $h Keep latest 2 years only.
850       $b rref  $d - $f - $g Unbd: Cur Per. $h Keep latest 2 years only.
901       $a UCRb21607102 $b r     $c -
902       $a 07-29-97
907       $a .b21607102
998       $a r    
999       $b 1 $c 05-04-97 $d a $e s $f - $g 4

Record 23
