LDR  01570cas  2200421 a 45  
001  813488
005  19910403113503.0
008  740226u19699999enkbr1p       0uuua0eng d
010       $a 80640744 //r80 $z 74014637
019       $a 2446087 $a 3581438
022       $a 0010-2687
030       $a CAMPBS
040       $a OUN $c OUN $d NSD $d OCL $d NSD $d DLC $d OCL $d DLC $d OCL $d SER $d AIP $d NST $d NSD $d CAS $d HUL $d NST $d CRU
042       $a lc $a nsdp
050       $a 050 $A $b $B
098       $n ov=.b252872
210  0    $a Comments at. mol. phys.
222  00   $a Comments on atomic and molecular physics.
245  00   $a Comments on atomic and molecular physics.
260  00   $a [New York : $b Gordon and Breach, Science Publishers]
300       $a v. ; $c 22 cm.
310       $a Bimonthly.
362  0    $a Vol. 1 (Apr./May 1969)-
490  0    $a Comments on modern physics. Part D.
500       $a UCR PE: REC HAS NO 850, 901 $B IS 'MULTI, 998 HAS 3 UNIQUE LOCS; REC HAS 050 $A $B; MOVE 050 $A $B TO 852 $H $I FOR EACH UNIQUE LOC (02/02).
510  1    $a Electrical & electronics abstracts $x 0036-8105 $b April/May 1969-
510  1    $a Physics abstracts. Science abstracts. Series A $x 0036-8091 $b April/May 1969-
510  2    $a Chemical abstracts $x 0009-2258 $b -1988.
510  0    $a Nuclear science abstracts $x 0029-5612.
650   0   $a Nuclear physics $x Periodicals.
650   0   $a Atoms $x Periodicals.
650   0   $a Molecules $x Periodicals.
760  0    $t Comments on modern physics.
901       $a UCRb21607126 $b multi $c -
902       $a 07-24-97
907       $a .b21607126
998       $a gc    $a gcca  $a rrep 
999       $b 1 $c 05-04-97 $d i $e s $f - $g 0

Record 24
