LDR  02402cas  2200541I  45  
001  813697
005  19781005112421.0
008  740226c19689999gw mr p       0  1a0ger d
022       $a 0009-5893
040       $a OUN $c OUN $d MUL $d UCU $d COO $d OCL $d COO $d CRU
041  0    $a engfreger
090       $a QD79.C4 $b C47
098       $n ov=.b252737
099       $a Y (099$A-1) $a R5C47 (099$A-2) $a 1989-1992 (099$A-3)
245  00   $a Chromatographia.
260  00   $a Braunschweig, Germany, [etc.] $b Friedrich Vieweg & Sohn; $a New York, $b Pergamon Press.
300       $a v. $b ill. $c 30 cm. $a monthly.
362  0    $a v.1-   1968-
500       $a UCR PE: REC HAS 11 850S - 6 UNIQUE, 3 DUPLICATES, 2 BEGINNING "rd": DROP THE 'rd' LOCS, OUTPUT THE 6 UNIQUE 852 FIELDS (02/02).
500       $a 1ST, 3RD, 7TH, 9TH LOCS HAVE CALL NUM IN 850$C - OUTPUT IN 852 $J.
500       $a REC HAS 099 WITH 3 $A'S, 090, 050 - OUTPUT SINGLE 852 $J FROM MULTIPLE 099 $A'S FOR 2 LOCS.
500       $a 1ST 850, NO $H, CONCATENATE 599'S WITH BLANK INDS AND OUTPUT IN 852 $3; DO NOT OUTPUT 599 FIELDS.
500       $a 2ND 850, HAS 3 $H'S; CONCATENATE $H'S AND OUTPUT IN 852 $3.
500       $a 3RD 850, HAS 1 $H; OUTPUT IN 852 $3.
500       $a 5TH AND 7TH 850'S - NO $H, OUTPUT DEFAULT MESSAGE IN 852 $3.
500       $a 9TH 850, HAS $H, $U, $L; IGNORE $U AND $L; USE $H FOR $3
546       $a English, French or German.
555       $a Vols. 1-3, 1968-70, with 1970.
599  1    $a 1ST 599, 1ST IND = 1
599       $a 2ND 599, 1ST IND = BLANK
599       $a 3RD 599, 1ST IND = BLANK
650   0   $a Chromatographic analysis $x Periodicals.
850       $b rstci  $c FIRST LOC CALL NUM $d - $f t $g Unbd: Cur Per.
850       $b rstd   $d - $f l $h 850$h (1) $h 850$h (2) $h 850$h (3)
850       $b rstd7 $c 3RD LOC CALL NUM $d - $f 3 $g Bd: Cur  $h 850$h (3RD LOC)
850       $b rstci  $c DUPLICATE LOC $d - $f t $g Unbd: Cur Per.
850       $b rstd8  $d - $g Unbd: Cur Per.
850       $b rstd7 $c DUPLICATE LOC $d - $f 3 $g Bd: Cur Per. $h 850$h (3) $u 850$u (3)
850       $b rstk  $c 7TH LOC CALL NUM $d - $g Unbd: Cur Per.
850       $b rstk  $c DUPLICATE LOC $d - $g Unbd: Cur Per.
850       $b edr   $c 9TH LOC CALL NUM $d - $f 3 $h 850$h (9TH LOC) $u 850 $u  $l 850 $l
850       $b rdref $c RD LOCATION $d - $g Unbd: Cur Per.
850       $b rdres $c RD LOCATION $d - $f 3 $h 850 $h $u 850 $u  $l 850$l
901       $a UCRb21607138 $b p     $c -
902       $a 08-12-97
907       $a .b21607138
998       $a p    
999       $b 1 $c 05-04-97 $d r $e s $f - $g 0

Record 25
