LDR  00656nas  2200205   45  
008                                     eng  
020       $a 0066-0035
090       $a DS101 A53
098       $n ov=.b250604x
110       $a AMERICAN SCHOOLS OF ORIENTAL RESEARCH.
245   0   $a ANNUAL.
260  1    $a Winina Lake, Indiana : Eisenbraun.
500       $a UCR PE: 850 $F IS '-' (AN UNDEFINED VALUE), NO 999 $D. DO NOT OUTPUT 852 $D OR $O (02/02).
850       $b rstk  $c DS101 A53 $d - $f - $h 1(1919)-49(1989), 50(1992)-53(1996)-
901       $a UCRb24324164 $b r     $c b
902       $a 08-06-97
907       $a .b24324164
992       $a Innovacq record
998       $a r    
999       $b 1 $c   -  -   $e s $f b $g 0

Record 27
