LDR  01579cms  2200337Ia 45  
001  21493670
005  19930614185202.0
008  900508c19909999mauqr      d        eng d
022       $a 1058-4129
040       $a TXA $c TXA $d FDA $d CU-Riv
049       $a [Computer File]CROB
099       $a 50
245  00   $a Biological abstracts on compact disc $h [computer file]
260       $a Newton Lower Falls, MA : $b SilverPlatter,
265       $a SilverPlatter Information, Inc., One Newton Executive Park, Newton Lower Falls, MA 02162-1449.
300       $a computer laser optical disk ; $c 4 3/4 in. + $e setup disk + database disk + 1 user's guide.
315       $a Quarterly, with annual cumulations.
362  0    $a Vol. 1990, issue 1 (Jan.-March)-
500       $a UCR PE: LOC TAKEN FROM 901 $B, 999 DOES NOT HAVE $D; DO NOT OUTPUT 852 $D OR $O (02/02).
520       $a Biological abstracts on compact disk (BA on CD) is the equivalent of the printed reference work, Biological abstracts.  It contains approximately 275,000 records per year.
538       $a System requirements: IBM PC, XT, AT, or compatible; 512K in RAM (640K recommended); PC or MS-DOS 2.1 or higher; 1 floppy disk drive, hard disk drive, CD-ROM drive and interface card; printer (optional)
650   0   $a Biology $x Abstracts.
710  20   $a BioSciences Information Service of Biological Abstracts.
710  20   $a SilverPlatter Information, Inc.
740  01   $a BA on CD.
753       $a IBM PC $c DOS 2.1 or higher.
901       $a UCRb10945969 $b rrep  $c -
902       $a 05-18-97
907       $a .b10945969
999       $b 1 $c 05-20-96 $e m $f - $g 0
998       $a rrep 

Record 28
