LDR  01074nas  2200313Ia 45  
001  14262050
005  19861002102442.0
008  860925c19549999cauwr p       0uuu 0eng d
040       $a CRU $c CRU
049       $a CRUV $a [Micro-][film]CRUS $a CRUV
098       $n ov=.b2543564
099       $a Y $a R5H53
245  00   $a Highlander.
247  10   $a UCR Cub, $f v. 1, no. 1-v. 3, no. 7.
260  00   $a Riverside, Calif. : $b Univ. of Calif., Riverside, $c 1954-
300       $a v. : $b ill. ; $c 38 cm.
310       $a Weekly (27 issues during academic year)
362  0    $a Vol. 1, no. 1 (Feb. 1954)-
500       $a UCR PE: EACH 850 LOC BEGINS 'rd'; CREATE NO 852; REJECT (03/06).
515       $a Numbering for v. 25 is repeated on issues for 1978 and 79.
610  20   $a University of California, Riverside.
710  20   $a University of California, Riverside.
850       $b rdacq $c SPEC COLL f Y R5H53 $c Y R5H53 f SPEC.COLL. $d - $f g.
850       $b rdacv $c Y R5H53 $d - $f g.
901       $a UCRb21770268 $b multi $c -
902       $a 01-27-98
907       $a .b21770268
998       $a r     $a x    
999       $b 2 $c 05-20-96 $d - $e s $f - $g 0

Record 29
