LDR  00809pam  2200253 a 45  
001  17508209
005  19890314172320.0
008  880202s1988    maubf    d    000 0 eng  
010       $a 88001643
020       $a 0877794464
040       $a DLC $c DLC $d CU-Riv
090       $a G103.5 $b .W42 1988
245  00   $a Webster's new geographical dictionary.
260       $a Springfield, Mass. : $b Merriam-Webster, $c c1988.
300       $a xxix, 1376 p., [2] p. of plates : $b maps ; $c 25 cm.
500       $a UCR MONO: ONE 920 $l, LOC BEGINS 'rd'; CREATE NO 852; REJECT (03/06).
650   0   $a Geography $x Dictionaries.
710  20   $a Merriam-Webster, Inc.
901       $a UCRb20837458 $b multi $c -
902       $a 02-10-98
907       $a .b20837458
920       $l rd    $b 31210011026794
998       $a r     $a p     $a m     $a b    
999       $b 4 $c 02-10-98 $d - $e a $f - $g 0

Record 33
