LDR  01063cam  2200313I  45  
001  1966280
005  19930910024426.0
008  760204m19649999xx            00000 germ 
010       $a 72311331
020       $a 3503000151
040       $a DLC $c JHE $d CU-Riv
098       $n ov=.b101058x
099       $a KKC $a E74
100  10   $a Erler, Adalbert, $d 1904-
245  10   $a Handwèorterbuch zur deutschen Rechtsgeschichte. $c Unter Mitarbeit von Wolfgang Stammler, hrsg von Adalbert Erler und Ekkehart Kaufmann.
260  0    $a [Berlin] $b E. Schmidt $c [c 1971-
300       $a v. $c 26 cm.
500       $a UCR MONO: NO 920s, LOC IN 901 $b BEGINS 'rd'; CREATE NO 852; REJECT (03/06).
504       $a Includes bibliography.
650   0   $a Law $x History $x Dictionaries $x German.
650   0   $a Law $z Germany (West) $x History $x Dictionaries.
700  10   $a Kaufmann, Ekkehard.
700  10   $a Stammler, Wolfgang, $d 1886-1965.
901       $a UCRb13048193 $b rd    $c -
902       $a 02-09-98
907       $a .b13048193
963       $a D 0004717328
998       $a rstk  $a rstk  $a rstk  $a zsrlf
999       $b 4 $c 06-08-97 $d - $e a $f - $g 0

Record 34
