LDR  00877cZZ  2200289   45  
001  8532176
003  OCoLC
005  19980625191924.0
008  820524m1949999ne a          000 0 eeng c
010       $a 50020998 //r855
040       $a DLC $c DLC
050  00   $a NE663 $b .H6
098       $n ov=.b1433660
100  1    $a Hollstein, F. W. H.
260       $a Amsterdam, $b M. Hertzberger, $c 1949-
300       $a 58 v. $b illus. $c 28 cm.
500       $a UCR: UNKNOWN TYPE AND BIBLVL, NO 245, UNKNOWN LOC CODE; CREATE 4 998 ERR FIELDS (03/06).
650   0   $a Engraving, Dutch.
650   0   $a Engraving, Flemish.
740  01   $a Hollstein's Dutch and Flemish etchings, engravings, and woodcuts, ca. 1450-1700.
901       $a UCRb14541440 $b r     $c -
902       $a 12-10-01
907       $a .b14541440
910       $a pem/rev.
920       $l XXZZ  $b 31210010556841 $u v.1
998       $a r    
999       $b 1 $c 11-16-01 $d - $e a $f - $g 0

Record 37
