LDR  00972cam  2200301I  45  
001  1078422
005  19940411183010.0
008  741118s1971    mx a     b    000 0 eng  
010       $a 79867653
040       $a DLC $c ISM $d CNE $d OCoLC $d CU-Riv
049       $a CRUG
090       $a GR70 $b .V4
245  00   $a 25 estudios de folklore; $c homenaje a Vicente T. Mendoza y Virginia Rodrâiquez Rivera.
246  3    $a Veinticinco estudios de folklore
250       $a [1. ed.]
260       $a Mâexico, $b [s.n.] $c 1971.
300       $a 394 p. $b illus. $c 24 cm.
490  1    $a Universidad Nacional Autâonoma de Mâexico. Instituto de Investigaciones Estâeticas. Estudios de folklore, 4
500       $a UCR: NO 901; REJECT
600  10   $a Rodrâiquez Rivera, Virginia.
600  10   $a Mendoza, Vicente T., $d 1894-
650   0   $a Folklore.
830   0   $a Estudios de folklore, $v 4.
902       $a 03-19-02
907       $a .b10002765
920       $l rstk  $b 3 1210 00461 4325
998       $a r    
999       $b 1 $c 05-20-96 $d - $e a $f - $g 0

Record 38
