LDR  00805cXX  2200205Ia 45  
001  9311883
005  19850301173036.0
008  830315s1979    sp ae    c   f00010 spa d
040       $a WAU $c WAU $d CU-Riv
043       $a e-sp---
049       $a CRUG
090       $a GN784.3.A6 $b S62 1979
110  10   $a Spain. $b Subdirecciâon General de Arqueologâia.
260  0    $a [Madrid] : $b Imprenta del Ministerio de Cultura, $c 1979.
300       $a [82] p. : $b ill., plans ; $c 22 cm.
500       $a UCR: 901 $c = "d" (DELETE); NO 902, USE FILEDATE FOR 005; NO LOC CODE (NO 920 $l, 901 $b IS 'multi', NO 998 FLD); INVALID TYPE & BIBLVL; NO 245 - NO OUTPUT 852, NO OUTPUT 998 ERR FLDS; CHG LEADER STATUS TO 'd' (05/02).
651   0   $a Altamira Cave (Spain)
901       $a UCRb10004099 $b multi $c d
907       $a .b10004099
999       $b 1 $c 05-20-96 $d - $e a $f - $g 0

Record 40
