LDR  02228cas  2200685 a 45  
001  1239877 
003  OCoLC
005  20000815131026.0
007  cr unu
008  750326c18879999dcugr1    rh f0   a0eng  
010       $a 06035330 //r954  $z sc 79002752 $z sn 84000755
022  0    $a 0160-9890
030       $a CODIDS
035       $a (GPO)99055776
037       $b Supt. of Docs., U.S. Govt. Print. Off., Washington, DC 20402
060  0    $a JK 1011 A1
074       $a 0992
074       $a 0992 (online)
086  0    $a Y 4.P 93/1:1/
098       $a Y4P9311
098       $a Electronicjournal
099       $a JK1011
110  1    $a United States. $b Congress.
222   0   $a Official congressional directory
245  10   $a Official congressional directory / $c by W. H. Michael.
246  14   $a Congressional directory $f <97th Congress->
260       $a Washington : $b U.S. G.P.O., $c 1888-
300       $a v. : $b ill., maps ; $c 15-24 cm.
310       $a Biennial, $b 19  -
321       $a Annual, $b 19  -19
362  0    $a 50th Congress, 1st session-
500  10   $a UCR PE: TEST ALL POSSIBLE 850 $f ORDER RECEIPT VALUES(3/28/02
700  1    $a Michael, W. H.
850       $b n     $c Callno1 $d - $f g $h v.1
850       $b s     $c Callno2 $d - $f m $h v.2
850       $b sccd   $c Callno3 $d - $f o $h v.3
850       $b scdvd  $c Callno4 $d - $f p $h v.4
850       $b scir  $c Callno5 $d - $f s $h v.5
850       $b scirf  $c Callno6 $d - $f t $h v.6
850       $b scirs   $c Callno7 $d - $f x $h v.7
850       $b scp  $c Callno8 $d - $f y $h v.8
850       $b scps  $c Callno9 $d - $f 1 $h v.9
850       $b sgov  $c Callno10 $d - $f 5 $h v.10
850       $b sress  $c Callno11 $d - $f i $h v.11
850       $b sresm  $c Callno12 $d - $f r $h v.12
850       $b sref7  $c Callno13 $d - $f z $h v.13
850       $b sref  $c Callno14 $d - $f 2 $h v.14
850       $b srcd  $c Callno15 $d - $f 6 $h v.15
850       $b ssru $c Callno16 $d - $f q $h v.16
850       $b sst7 $c Callno17 $d - $f 3 $h v.17
850       $b smath $c Callno18 $d - $f 7 $h v.18
850       $b smcd $c Callno19 $d - $f l $h v.19
850       $b v  $c Callno20 $d - $f 4 $h v.20
850       $b vcas  $c Callno21 $d - $f B $h v.21
901       $a UCRb21612547 $b multi $c -
902       $a 03-20-02
907       $a .b21612547
910       $a gp-U.S. depository
998       $a n     $a g     $a r     $a rref  $a s    
999       $b 60 $c 10-07-00 $d - $e s $f - $g 0

Record 41
