LDR  01195cas  2200421   45  
001  130-S
002  002 FLD
003  003 FLD
004  004 FLD
005  19891127000000.0
008  800813c19129999caubr1p  g    0uuua0eng  
009  009 FLD
010       $a 19003441
022  0    $a 0008-1221
040       $a MUL $c MUL $d FGULS $d MUL $d NSDP $d CU-AL
042       $a nsdp
043       $a n-us-ca
222  00   $a California law review
245  00   $a California law review
260  11   $a Berkeley, Calif., $c 1913-
300       $a v. $b ports. $c 26 cm
362  0    $a v. 1-   Nov. 1912-
500       $a UCR: DROP 001-005, 009, 590, 850, 852, 866-868, 886, 899, INPUT 9XX FLDS; OUTPUT 005 FLD WILL BE CREATED FROM 902, DATA FROM OTHER DROPPED FIELDS MAY BE OUTPUT ELSEWHERE (04/02).
590       $a 590 FLD
650   0   $a Law $x Periodicals $z California
710  10   $a University of California, Berkeley. $b School of Law
850       $a 850 FLD $b xet8
852       $a 852 FLD
866       $a 866 FLD
867       $a 867 FLD
868       $a 868 FLD
886       $a 886 FLD
899       $a 899 FLD
901       $a UCRb10023392 $b xet8 $c -
902       $a 08-06-96
907       $a .b10023392
998       $a ed7  $a r 
999       $b 2 $c 05-20-96 $e a $f - $g 0

Record 43
