LDR  01632cmi  22004211  4500
001  928160
005  19871023132651.0
008  740624c19589999nyu x1m   b   0uuua0engm 
010       $a 58009935
019       $a 304937 $a 1461164
022  0    $a 0065-2385
030       $a ADCPAA
040       $a DLC $c DAY $d SUL $d HUL $d YUS $d NYG $d DLC $d m.c. $d OCL $d SER $d OCL $d AIP $d NSD $d NST $d CRU
042       $a lc $a nsdp
060  0    $a W1 AD53L
090       $a QD453 $b .A39
098       $n ov=.b250130
210  0    $a Adv. chem. phys.
222  00   $a Advances in chemical physics.
245  00   $a Advances in chemical physics.
260  00   $a New York, $b Wiley [etc.] $c 1958-
265       $a John Wiley & Sons, 605 Third Ave., New York, NY 10016.
300       $a v. $b ill., diagrs. $c 24 cm.
310       $a Irregular.
362  0    $a v. 1-
500       $a UCR PE: INTEGRATING RESOURCE - TYPE = 'm', BIBLVL = 'i'; OUTPUT AS SERIAL, DO NOT OUTPUT ERROR (07/06).
510  2    $a Chemical abstracts $x 0009-2258.
510  2    $a Energy research abstracts $x 0160-3604.
570       $a Editor: v. 1-    I. Prigogine.
650   0   $a Chemistry, Physical and theoretical.
700  11   $a Prigogine, I. $q (Ilya) $e ed.
850       $b sstk  $c QD453 A39 $d - $f p $h v.1(1958)-132(2006)-
856  41   $3 Connect to Table of contents only: v.17 no.4 (1965)-v.35 (1974); Abstracts only: v.36 (1975)-v.75 (1994); Full text: v.76 (1995)- $x Lippincott Williams & Wilkins. $z Current 12 months restricted to UC campuses; older issues freely available to all  $u http://uclibs.org/PID/4018
901       $a UCRb21607965 $b s     $c -
902       $a 06-15-06
907       $a .b21607965
998       $a s    
999       $b 0 $c 05-04-97 $d - $e s $f - $g 0

Record 45
