LDR  01163pam  2200325 a 45  
001  28889314
005  19940801170440.0
008  930903s1994    nyuabc   b    000 0 eng  
010       $a 93029264
020       $a 0815314485 (alk. paper)
040       $a DLC $c DLC $d CU-Riv
043       $a n-usu--
049       $a CRUG
090       $a E185.6 $b .A25 1994
245  00   $a African Americans and the emergence of segregation, 1865-1900 / $c edited with an introduction by Donald G. Nieman.
260       $a New York : $b Garland Pub., $c 1994.
300       $a xiii, 443 p. : $b ill., maps, ports. ; $c 24 cm.
440   0   $a African American life in the Post-Emancipation South ; $v v. 11.
500       $a UCR: 901 $a DOES NOT CONTAIN RECORD ID NUMBER - REJECT (06/02).
650   0   $a African Americans $z Southern States $x History $y 19th century.
650   0   $a African Americans $z Southern States $x Segregation.
651   0   $a Southern States $x Race relations.
651   0   $a Southern States $x History $y 1865-1951.
700  10   $a Nieman, Donald G.
901       $a UCR $b r     $c -
902       $a 01-03-01
907       $a .b10088350
920       $l rstk  $b 31210009610245
998       $a r    
999       $b 1 $c 05-20-96 $d - $e a $f - $g 0

